
% 
% Motivação
% 
@article{bermudez,
    author={A. C. BERMÚDEZ},
    title={Câmeras de segurança inteligentes devem ser instaladas na USP em 2015},
    year={2014},
    url={http://www.jornaldocampus.usp.br/index.php/2014/11/cameras-de-seguranca-inteligentes-devem-ser-instaladas-na-usp-em-2015/},
    urlaccessdate={12 out. 2018}
}

@article{shotspooter,
    author={ShotSpotter},
    title={The ShotSpotter Solution},
    year={2018},
    url={https://www.shotspotter.com/technology/},
    urlaccessdate={12 out. 2018}
}

@article{patente,
    author={EPO},
    title={European Patent Office, Patente AU2018100039},
    year={2018},
    url={https://worldwide.espacenet.com/publicationDetails/biblio?DB=EPODOC&II=0&ND=3&adjacent=true&locale=en_EP&FT=D&date=20180208&CC=AU&NR=2018100039A4&KC=A4},
    urlaccessdate={12 out. 2018}
}
% 
% Aspectos conceituais
% 
@article{opencvtutorials,
    author={OpenCV-Python{ }Tutorials},
    title={ Welcome to OpenCV-Python Tutorials’s documentation!},
    year={2018},
    url={https://opencv-python-tutroals.readthedocs.io/en/latest/index.html},
    urlaccessdate={23 nov. 2018}
}

@book{Russell,
 author = {Russell, Stuart and Norvig, Peter},
 title = {Artificial Intelligence: A Modern Approach},
 year = {2009},
 isbn = {0136042597, 9780136042594},
 edition = {3rd},
 publisher = {Prentice Hall Press},
 address = {Upper Saddle River, NJ, USA},
} 

@article{cnncourse,
    author={Andrew{ }Ng.},
    title={Convolutional Neural Network (CNNs) by Andrew Ng [Full Course]},
    year={2017},
    url={https://www.youtube.com/playlist?list=PLkDaE6sCZn6Gl29AoE31iwdVwSG-KnDzF},
    urlaccessdate={26 set. 2018}
}

@article{yolov1,
  author    = {Joseph Redmon and
               Santosh Kumar Divvala and
               Ross B. Girshick and
               Ali Farhadi},
  title     = {You Only Look Once: Unified, Real-Time Object Detection},
  journal   = {CoRR},
  volume    = {abs/1506.02640},
  year      = {2015},
  url       = {http://arxiv.org/abs/1506.02640},
  archivePrefix = {arXiv},
  eprint    = {1506.02640},
  timestamp = {Mon, 13 Aug 2018 16:48:08 +0200},
  biburl    = {https://dblp.org/rec/bib/journals/corr/RedmonDGF15},
  bibsource = {dblp computer science bibliography, https://dblp.org}
}

@article{iou,
  author    = {Sven Kosub},
  title     = {A note on the triangle inequality for the Jaccard distance},
  journal   = {CoRR},
  volume    = {abs/1612.02696},
  year      = {2016},
  url       = {http://arxiv.org/abs/1612.02696},
  archivePrefix = {arXiv},
  eprint    = {1612.02696},
  timestamp = {Mon, 13 Aug 2018 16:48:18 +0200},
  biburl    = {https://dblp.org/rec/bib/journals/corr/Kosub16},
  bibsource = {dblp computer science bibliography, https://dblp.org}
}

@article{nms,
  author    = {Jan Hendrik Hosang and
               Rodrigo Benenson and
               Bernt Schiele},
  title     = {Learning non-maximum suppression},
  journal   = {CoRR},
  volume    = {abs/1705.02950},
  year      = {2017},
  url       = {http://arxiv.org/abs/1705.02950},
  archivePrefix = {arXiv},
  eprint    = {1705.02950},
  timestamp = {Mon, 13 Aug 2018 16:46:59 +0200},
  biburl    = {https://dblp.org/rec/bib/journals/corr/HosangBS17},
  bibsource = {dblp computer science bibliography, https://dblp.org}
}

@article{kmeans,
    author={Chris Piech},
    title={K Means},
    year={2013},
    url={http://stanford.edu/~cpiech/cs221/handouts/kmeans.html},
    urlaccessdate={15 out. 2018}
}

@article{boundingbox,
    author={Vivek Yadav},
    title={(Part 1) Generating Anchor boxes for Yolo-like network for vehicle detection using KITTI dataset},
    year={2017},
    url={https://medium.com/@vivek.yadav/part-1-generating-anchor-boxes-for-yolo-like-network-for-vehicle-detection-using-kitti-dataset-b2fe033e5807},
    urlaccessdate={15 out. 2018}
}

@book{putman2001architecting,
    title={Architecting with RM-ODP},
    author={Putman, J.},
    isbn={9780130191168},
    lccn={00058866},
    series={Software architecture series},
    url={https://books.google.com.br/books?id=PA7BewHWqJQC},
    year={2001},
    publisher={Prentice Hall PTR}
}

@article{martinfowler2014microservices,
  added-at = {2014-03-29T13:11:57.000+0100},
  author = {Fowler, Martin and Lewis, James},
  biburl = {https://www.bibsonomy.org/bibtex/2520e156d50e116dcd8e433cfccbdced3/soareschen},
  interhash = {12eba8def437547590a53a0439b4c6c8},
  intrahash = {520e156d50e116dcd8e433cfccbdced3},
  keywords = {application-architecture web-services},
  timestamp = {2014-03-29T14:07:33.000+0100},
  title = {Microservices},
  url = {http://martinfowler.com/articles/microservices.html},
  year = {2014},
  urlaccessdate={15 out. 2018}
}

@book{Newman,
 author = {Newman, Sam},
 title = {Building Microservices},
 year = {2015},
 isbn = {1491950358, 9781491950357},
 edition = {1st},
 publisher = {O'Reilly Media, Inc.},
} 

@article{Buyya,
 author = {Buyya, Rajkumar and Yeo, Chee Shin and Venugopal, Srikumar and Broberg, James and Brandic, Ivona},
 title = {Cloud Computing and Emerging IT Platforms: Vision, Hype, and Reality for Delivering Computing As the 5th Utility},
 journal = {Future Gener. Comput. Syst.},
 issue_date = {June, 2009},
 volume = {25},
 number = {6},
 month = jun,
 year = {2009},
 issn = {0167-739X},
 pages = {599--616},
 numpages = {18},
 url = {http://dx.doi.org/10.1016/j.future.2008.12.001},
 doi = {10.1016/j.future.2008.12.001},
 acmid = {1529211},
 publisher = {Elsevier Science Publishers B. V.},
 address = {Amsterdam, The Netherlands, The Netherlands},
 keywords = {Cloud computing, Data Centers, Market-oriented resource allocation, Utility computing, Virtualization},
} 

@techreport{nist,
 author = {Mell, Peter M. and Grance, Timothy},
 title = {SP 800-145. The NIST Definition of Cloud Computing},
 year = {2011},
 publisher = {National Institute of Standards \& Technology},
 address = {Gaithersburg, MD, United States},
} 

@ARTICLE{iot_kelly, 
author={S. D. T. Kelly and N. K. Suryadevara and S. C. Mukhopadhyay}, 
journal={IEEE Sensors Journal}, 
title={Towards the Implementation of IoT for Environmental Condition Monitoring in Homes}, 
year={2013}, 
volume={13}, 
number={10}, 
pages={3846-3853},
doi={10.1109/JSEN.2013.2263379}, 
ISSN={1530-437X}, 
month={Oct},}

@article{iot_patel,
  title={Internet of things-IOT: definition, characteristics, architecture, enabling technologies, application \& future challenges},
  author={Patel, Keyur K and Patel, Sunil M and others},
  journal={International Journal of Engineering Science and Computing},
  volume={6},
  number={5},
  year={2016}
}

@article{iot_lee,
title = "The Internet of Things (IoT): Applications, investments, and challenges for enterprises",
journal = "Business Horizons",
volume = "58",
number = "4",
pages = "431 - 440",
year = "2015",
issn = "0007-6813",
doi = "https://doi.org/10.1016/j.bushor.2015.03.008",
url = "http://www.sciencedirect.com/science/article/pii/S0007681315000373",
author = "In Lee and Kyoochun Lee",
keywords = "Cloud computing, Internet of Things, Radio frequency identification, Real options, Supply chain management",
}

@article{atzori2010internet,
  title={The Internet of things: a survey. Comput Netw54 (15): 2787--2805},
  author={Atzori, L and Iera, A and Morabito, G},
  year={2010}
}
% 
% Tecnologias Utilizadas
% 

@article{yolov3,
  author    = {Joseph Redmon and
               Ali Farhadi},
  title     = {YOLOv3: An Incremental Improvement},
  journal   = {CoRR},
  volume    = {abs/1804.02767},
  year      = {2018},
  url       = {http://arxiv.org/abs/1804.02767},
  archivePrefix = {arXiv},
  eprint    = {1804.02767},
  timestamp = {Mon, 13 Aug 2018 16:48:24 +0200},
  biburl    = {https://dblp.org/rec/bib/journals/corr/abs-1804-02767},
  bibsource = {dblp computer science bibliography, https://dblp.org}
}

@article{kathuria,
    author={A. Kathuria},
    title={ How to implement a YOLO (v3) object detector from scratch in PyTorch: Part 1},
    year={2018},
    url={https://blog.paperspace.com/how-to-implement-a-yolo-object-detector-in-pytorch/},
    urlaccessdate={15 nov. 2018}
}

@article{zerotier,
    author={ZeroTier},
    title={ ZeroTier Manual},
    year={2018},
    url={https://www.zerotier.com/manual.shtml},
    urlaccessdate={15 mar. 2018}
}

@article{intel_movidius,
    author={Intel},
    title={Intel Movidius Neural Compute Stick},
    year={2018},
    url={https://software.intel.com/en-us/movidius-ncs},
    urlaccessdate={15 out. 2018}
}